<?xml version="1.0" encoding="UTF-8"?><collection xmlns="http://www.loc.gov/MARC21/slim"><record><leader>00380nam--2200133-i-4500</leader><controlfield tag="001">000040328</controlfield><controlfield tag="002">20161230</controlfield><controlfield tag="005">20161230201042</controlfield><controlfield tag="008">060222s1000------------r-----000-0-eng-d</controlfield><datafield ind1=" " ind2=" " tag="080"><subfield code="a">530.145.6(043)</subfield></datafield><datafield ind1=" " ind2=" " tag="100"><subfield code="a">Sarkis Hovsepian, Armand</subfield></datafield><datafield ind1=" " ind2=" " tag="245"><subfield code="a">Etude de l`extensiion de la matrice t en dehors de la couche d`energie. these</subfield></datafield><datafield ind1=" " ind2=" " tag="260"><subfield code="a">Grenoble, Univ.,1968. 74 P</subfield></datafield><datafield ind1=" " ind2=" " tag="852"><subfield code="a">77999</subfield></datafield></record></collection>